<?xml version="1.0" encoding="UTF-8"?>
<record xmlns="http://www.loc.gov/MARC21/slim" xmlns:xsi="http://www.w3.org/2001/XMLSchema-instance" xsi:schemaLocation="http://www.loc.gov/MARC21/slim http://www.loc.gov/standards/marcxml/schema/MARC21slim.xsd">
<leader>     nam a22003011  4500</leader>
<controlfield tag="001">002230398</controlfield>
<controlfield tag="003">NNU</controlfield>
<controlfield tag="005">19950614131717.0</controlfield>
<controlfield tag="008">910213s1936    le ab         000 0 eng d</controlfield>
<datafield tag="035" ind1="9" ind2=" ">
<subfield code="a">NYUb11288706</subfield>
</datafield>
<datafield tag="035" ind1=" " ind2=" ">
<subfield code="a">(CStRLIN)NYUG91-B5641</subfield>
</datafield>
<datafield tag="035" ind1=" " ind2=" ">
<subfield code="a">GLIS008552011</subfield>
</datafield>
<datafield tag="040" ind1=" " ind2=" ">
<subfield code="c">NIC</subfield>
<subfield code="d">CStRLIN</subfield>
<subfield code="d">NNU</subfield>
</datafield>
<datafield tag="043" ind1=" " ind2=" ">
<subfield code="a">f-ua---</subfield>
<subfield code="a">a-is---</subfield>
<subfield code="a">awba---</subfield>
<subfield code="a">awgz---</subfield>
</datafield>
<datafield tag="090" ind1=" " ind2=" ">
<subfield code="i">02/13/91 T</subfield>
</datafield>
<datafield tag="100" ind1="1" ind2=" ">
<subfield code="a">Rustum, Asad,</subfield>
<subfield code="d">1897-1965.</subfield>
</datafield>
<datafield tag="245" ind1="1" ind2="4">
<subfield code="a">The Royal Archives of Egypt and the disturbances in Palestine, 1834,</subfield>
<subfield code="c">by Asad J. Rustum.</subfield>
</datafield>
<datafield tag="260" ind1=" " ind2=" ">
<subfield code="a">Beirut,</subfield>
<subfield code="b">Printed at the American Press,</subfield>
<subfield code="c">1936.</subfield>
</datafield>
<datafield tag="300" ind1=" " ind2=" ">
<subfield code="a">82 p.</subfield>
<subfield code="b">ill., maps (1 fold)</subfield>
<subfield code="c">26 cm.</subfield>
</datafield>
<datafield tag="490" ind1="1" ind2=" ">
<subfield code="a">Publication of the Faculty of Arts and Sciences. Oriental series,</subfield>
<subfield code="v">no. 11</subfield>
</datafield>
<datafield tag="650" ind1=" " ind2="0">
<subfield code="a">Archives</subfield>
<subfield code="z">Egypt.</subfield>
</datafield>
<datafield tag="651" ind1=" " ind2="0">
<subfield code="a">Palestine</subfield>
<subfield code="x">History</subfield>
<subfield code="y">638-1917.</subfield>
</datafield>
<datafield tag="651" ind1=" " ind2="0">
<subfield code="a">Egypt</subfield>
<subfield code="x">History</subfield>
<subfield code="y">Mohammed Ali, 1805-1849.</subfield>
</datafield>
<datafield tag="651" ind1=" " ind2="0">
<subfield code="a">Egypt</subfield>
<subfield code="x">Foreign relations</subfield>
<subfield code="z">Palestine.</subfield>
</datafield>
<datafield tag="651" ind1=" " ind2="0">
<subfield code="a">Palestine</subfield>
<subfield code="x">Foreign relations</subfield>
<subfield code="z">Egypt.</subfield>
</datafield>
<datafield tag="830" ind1=" " ind2="0">
<subfield code="a">Publication of the Faculty of Arts and Sciences.</subfield>
<subfield code="p">Oriental series ;</subfield>
<subfield code="v">no. 11.</subfield>
</datafield>
<datafield tag="OWN" ind1=" " ind2=" ">
<subfield code="a">GENERAL</subfield>
</datafield>
<datafield tag="903" ind1=" " ind2=" ">
<subfield code="a">OLD</subfield>
</datafield>
<datafield tag="950" ind1=" " ind2=" ">
<subfield code="l">BMAIN</subfield>
<subfield code="a">PJ25</subfield>
<subfield code="b">.A6 no.11</subfield>
<subfield code="f">MANUAL</subfield>
<subfield code="i">02/13/91 N</subfield>
</datafield>
<datafield tag="955" ind1=" " ind2=" ">
<subfield code="l">BMAIN</subfield>
<subfield code="c">1</subfield>
<subfield code="i">02/13/91 C</subfield>
</datafield>
<datafield tag="998" ind1=" " ind2=" ">
<subfield code="a">02/13/91</subfield>
<subfield code="t">c</subfield>
<subfield code="s">9625</subfield>
<subfield code="n">NNU</subfield>
<subfield code="w">NYCX4876491B</subfield>
<subfield code="d">02/13/91</subfield>
<subfield code="c">DAS</subfield>
<subfield code="b">DAS</subfield>
<subfield code="i">910213</subfield>
<subfield code="l">NYUG</subfield>
</datafield>
<datafield tag="AVA" ind1=" " ind2=" ">
<subfield code="a">NYU50</subfield>
<subfield code="b">BOBST</subfield>
<subfield code="c">Main Collection</subfield>
<subfield code="d">PJ25 .A6 no.11</subfield>
<subfield code="e">unavailable</subfield>
<subfield code="t">Unavailable</subfield>
<subfield code="f">1</subfield>
<subfield code="g">1</subfield>
<subfield code="h">N</subfield>
<subfield code="i">4</subfield>
<subfield code="j">MAIN</subfield>
<subfield code="k">0</subfield>
</datafield>
</record>
